@article{1564507,
 author = {Barbay, J\'{e}r\'{e}my and L\'{o}pez-Ortiz, Alejandro and Lu, Tyler and Salinger, Alejandro},
 title = {An experimental investigation of set intersection algorithms for text searching},
 journal = {J. Exp. Algorithmics},
 volume = {14},
 year = {2009},
 issn = {1084-6654},
 pages = {3.7--3.24},
 doi = {http://doi.acm.org/10.1145/1498698.1564507},
 publisher = {ACM},
 address = {New York, NY, USA},
 }

@inproceedings{338634,
 author = {Demaine, Erik D. and L\'{o}pez-Ortiz, Alejandro and Munro, J. Ian},
 title = {Adaptive set intersections, unions, and differences},
 booktitle = {SODA '00: Proceedings of the eleventh annual ACM-SIAM symposium on Discrete algorithms},
 year = {2000},
 isbn = {0-89871-453-2},
 pages = {743--752},
 location = {San Francisco, California, United States},
 publisher = {Society for Industrial and Applied Mathematics},
 address = {Philadelphia, PA, USA},
 }

 @misc{ wiki:001,
   author = "Wikipedia",
   title = "Van Emde Boas tree --- {W}ikipedia{,} The Free Encyclopedia",
   year = "2010",
   url = "\url{http://en.wikipedia.org/wiki/Van_Emde_Boas_tree}",
   note = "[Online; accessed 10-May-2010]"
 }


 @article{BY:01,
 author = {Baeza-Yates, R.A.},
 title = {A fast set intersection algorithm for sorted sequences.},
 journal = {J. Exp. Algorithmics},
 volume = {3109},
 year = {2004},
 pages = {400-308},
 publisher = {Springer},
 address = {Heidelberg},
 }


@INPROCEEDINGS{BY:03,
    author = {Ricardo Baeza-yates and Ro Salinger and Santiago Chile},
    title = {Experimental Analysis of a Fast Intersection Algorithm for Sorted Sequences},
    booktitle = {In Proceedings of 12th International Conference on String Processing and Information Retrieval (SPIRE},
    year = {2005},
    pages = {13--24},
    publisher = {Springer}
}

@inproceedings{1397508,
 author = {Udomchaiporn, Akadej and Boonjing, Veera},
 title = {A Search-Free Intersection Algorithm},
 booktitle = {ITNG '08: Proceedings of the Fifth International Conference on Information Technology: New Generations},
 year = {2008},
 isbn = {978-0-7695-3099-4},
 pages = {704--708},
 doi = {http://dx.doi.org/10.1109/ITNG.2008.225},
 publisher = {IEEE Computer Society},
 address = {Washington, DC, USA},
 }

@article{hwang:10,
 author = {HWANG, F. K. AND LIN, S.},
 title = {Optimal merging of 2 elements with n elements},
 journal = {ACTA Informatica},
 year = {1971},
 pages = {145â€“158},
 doi = {http://www.springerlink.com/content/nn62v72811676846/},
 }

